@MISC{baical:1,
	AUTHOR = "Unbekannt",
	TITLE = "{Baical Server}",
	HOWPUBLISHED = "\url{www.Baical.net}",
	NOTE = "Besucht am 25.09.2020"
	