@misc{euler-euroc_report,
    title = {{ARIS EULER 2021 EuRoC Report}},
    howpublished  = "Internal Document",
    note = "(accessed: 10.05.2022)"
}

@misc{mako-user-instuction,
    title = {{Mako User Instruction Manual}},
    howpublished  = "\url{https://www.tinderrocketry.com/_files/ugd/b73de9_d8169decc5394ba28da5185eb824fbb9.pdf}",
    note = "(accessed: 10.05.2022)"
}

@misc{nasa-rockets,
    author = {Elaine M. Marconi},
    title = {{What is a Sounding Rocket?}},
    howpublished  = "\url{https://www.nasa.gov/missions/research/f_sounding.html}",
    note = "(accessed: 31.05.2022)"
}

@misc{css-wiki,
    title = {{Chirp spread spectrum}},
    howpublished  = "\url{https://en.wikipedia.org/wiki/Chirp_spread_spectrum}",
    note = "(accessed: 31.05.2022)"
}

@misc{ti-antenna,
    author = {Audun Andersen},
    title = {{Application Note AN043}},
    howpublished  = "\url{https://www.ti.com/lit/an/swra117d/swra117d.pdf}",
    note = "(accessed: 31.05.2022)"
}

@misc{lora-ttn,
    title = {{What are LoRa and LoRaWAN?}},
    howpublished  = "\url{https://www.thethingsnetwork.org/docs/lorawan/what-is-lorawan/}",
    note = "(accessed: 31.05.2022)"
}

@misc{ism-wiki,
    title = {{ISM Radio Band}},
    howpublished  = "\url{https://en.wikipedia.org/wiki/ISM_radio_band}",
    note = "(accessed: 31.05.2022)"
}

@misc{fhss-wiki,
    title = {{Frequency-hopping spread spectrum}},
    howpublished  = "\url{https://en.wikipedia.org/wiki/Frequency-hopping_spread_spectrum}",
    note = "(accessed: 31.05.2022)"
}

@misc{kalman-introduction,
    author = {Youngjoo Kim and Hyochoong Bang},
    title = {{Introduction to Kalman Filter and Its Applications}},
    howpublished  = "\url{https://www.intechopen.com/chapters/63164}",
    note = "(accessed: 31.05.2022)"
}

@misc{kalman-discretization,
    author = {Kyuhwan Yeon},
    title = {{Zero-order hold discretization of continuous time state space system}},
    howpublished  = "\url{https://kyuhwanyeon.github.io/control/ZOHdecretization/}",
    note = "(accessed: 31.05.2022)"
}

@misc{kalman-wiki,
    title = {{Kalman filter}},
    howpublished  = "\url{https://en.wikipedia.org/wiki/Kalman_filter}",
    note = "(accessed: 31.05.2022)"
}

@misc{solenoid-actuator,
    title = {{Linear Solenoid Actuator}},
    howpublished  = "\url{{https://www.electronics-tutorials.ws/io/io_6.html#:~:text=Another%20type%20of%20electromagnetic%20actuator,is%20called%20the%20Linear%20Solenoid.}}",
    note = "(accessed: 31.05.2022)"
}

@misc{fibers,
    title = {{Technical Properties of Synthetic Fibres}},
    howpublished  = "\url{https://go.barry.ca/hubfs/info/rt-technical-properties-of-synthetic-fibres-en.pdf}",
    note = "(accessed: 31.05.2022)"
}

@misc{nichrome,
    title = {{Nichrome Wire}},
    howpublished  = "\url{https://temcoindustrial.com/product-guides/wire-cable-and-accessories/resistance-and-non-resistance-wire/nichrome-wire}",
    note = "(accessed: 31.05.2022)"
}

@misc{arm-techspecs,
    title = {{Cortex-M4}},
    howpublished  = "\url{https://developer.arm.com/Processors/Cortex-M4}",
    note = "(accessed: 31.05.2022)"
}

@misc{atmosphere,
    author = {Graham Gyatt},
    title = {{The Standard Atmosphere}},
    howpublished  = "\url{https://web.archive.org/web/20070310223946/http://www.atmosculator.com/The%20Standard%20Atmosphere.html}",
    note = "(accessed: 31.05.2022)"
}

@misc{swaytronic,
    title = {{SWAYTRONIC LiPo 1S 3.7V 650mAh}},
    howpublished  = "\url{https://www.swaytronic.ch/SWAYTRONIC-LiPo-1S-3.7V-650mAh-35C-70C-Molex}",
    note = "(accessed: 31.05.2022)"
}

@misc{servo-motor,
    author = {Darren Sawicz},
    title={{Hobby Servo Fundamentals}},
    howpublished  = "\url{http://www.princeton.edu/~mae412/TEXT/NTRAK2002/292-302.pdf}",
    note = "(accessed: 31.05.2022)"
}

@book{nichrome-cubesats,
  title={{A Nichrome Burn Wire Release Mechanism for CubeSats}},
  author={Adam Thurn, Steve Huynh, Steve Koss, Paul Oppenheimer, Sam Butcher, Jordan Schlater and Peter Hagan},
  year={2012},
  howpublished  = "\url{https://www.esmats.eu/amspapers/pastpapers/pdfs/2012/thurn.pdf}",
  note = "(accessed: 31.05.2022)"
}

@book{parachute-design,
  title={{Parachute Recovery Systems Design Manual}},
  author={Theo W. Knacke},
  year={1991},
  howpublished  = "\url{https://apps.dtic.mil/sti/citations/ADA247666}",
  note = "(accessed: 31.05.2022)",
}


